@article{tirona2018apixaban,
  title={Apixaban and rosuvastatin pharmacokinetics in nonalcoholic fatty liver disease},
  author={Tirona, Rommel G and Kassam, Zahra and Strapp, Ruth and Ramu, Mala and Zhu, Catherine and Liu, Melissa and Schwarz, Ute I and Kim, Richard B and Al-Judaibi, Bandar and Beaton, Melanie D},
  journal={Drug Metabolism and Disposition},
  volume={46},
  number={5},
  pages={485--492},
  year={2018},
  publisher={ASPET}
}

@inproceedings{pananos2020comparisons,
	title={Comparisons between Hamiltonian Monte Carlo and maximum a posteriori for a Bayesian model for Apixaban induction dose \& dose personalization},
	author={Pananos, A Demetri and Lizotte, Daniel J},
	booktitle={Machine Learning for Healthcare Conference},
	pages={397--417},
	year={2020},
	organization={PMLR}
}

