@book{chakraborty2013statistical,
  title={Statistical methods for dynamic treatment regimes},
  author={Chakraborty, Bibhas},
  year={2013},
  publisher={Springer}
}

@article{byon2019apixaban,
	title={Apixaban: a clinical pharmacokinetic and pharmacodynamic review},
	author={Byon, Wonkyung and Garonzik, Samira and Boyd, Rebecca A and Frost, Charles E},
	journal={Clinical pharmacokinetics},
	volume={58},
	number={10},
	pages={1265--1279},
	year={2019},
	publisher={Springer}
}
