@article{morse2015personalized,
  title={Is personalized medicine a dream or a reality?},
  author={Morse, Bridget L and Kim, Richard B},
  journal={Critical reviews in clinical laboratory sciences},
  volume={52},
  number={1},
  pages={1--11},
  year={2015},
  publisher={Taylor \& Francis}
}

@article{wigle2019prospective,
  title={Prospective cohort study of the impact of hospital-wide dihydropyrimidine dehydrogenase (DPYD) genotype testing for fluoropyrimidine-based chemotherapy on adverse events and hospital costs.},
  author={Wigle, Theodore John and Povitz, Brandi and Teft, Wendy and Legan, Robin and Lenehan, John Gordon and Gulilat, Markus and Nevison, Stephanie and Kritzinger, Justin and Punaganty, Veera and Keller, Denise and others},
  year={2019},
  journal={American Society of Clinical Oncology}
}

@article{kasztura2019cost,
	title={Cost-effectiveness of precision medicine: a scoping review},
	author={Kasztura, Miriam and Richard, Aude and Bempong, Nefti-Eboni and Loncar, Dejan and Flahault, Antoine},
	journal={International journal of public health},
	volume={64},
	number={9},
	pages={1261--1271},
	year={2019},
	publisher={Springer}
}

@article{di2017personalized,
	title={Personalized medicine in Europe: not yet personal enough?},
	author={Di Paolo, Antonello and Sarkozy, Fran{\c{c}}ois and Ryll, Bettina and Siebert, Uwe},
	journal={BMC health services research},
	volume={17},
	number={1},
	pages={1--9},
	year={2017},
	publisher={BioMed Central}
}

@article{frohlich2018hype,
	title={From hype to reality: data science enabling personalized medicine},
	author={Fr{\"o}hlich, Holger and Balling, Rudi and Beerenwinkel, Niko and Kohlbacher, Oliver and Kumar, Santosh and Lengauer, Thomas and Maathuis, Marloes H and Moreau, Yves and Murphy, Susan A and Przytycka, Teresa M and others},
	journal={BMC medicine},
	volume={16},
	number={1},
	pages={1--15},
	year={2018},
	publisher={BioMed Central}
}

@article{looff2016economic,
	title={Economic evaluations of pharmacogenetic and pharmacogenomic screening tests: a systematic review. Second update of the literature},
	author={Looff, Margot de and Wilffert, Bob and Boersma, Cornelis and Annemans, Lieven and Vegter, Stefan and Boven, Job FM van and Postma, Maarten J},
	journal={PloS one},
	volume={11},
	number={1},
	pages={e0146262},
	year={2016},
	publisher={Public Library of Science San Francisco, CA USA}
}

@article{shabaruddin2015economic,
	title={Economic evaluations of personalized medicine: existing challenges and current developments},
	author={Shabaruddin, Fatiha H and Fleeman, Nigel D and Payne, Katherine},
	journal={Pharmacogenomics and personalized medicine},
	volume={8},
	pages={115},
	year={2015},
	publisher={Dove Press}
}

@article{rogowski2015concepts,
	title={Concepts of ‘personalization’in personalized medicine: implications for economic evaluation},
	author={Rogowski, Wolf and Payne, Katherine and Schnell-Inderst, Petra and Manca, Andrea and Rochau, Ursula and Jahn, Beate and Alagoz, Oguzhan and Leidl, Reiner and Siebert, Uwe},
	journal={Pharmacoeconomics},
	volume={33},
	number={1},
	pages={49--59},
	year={2015},
	publisher={Springer}
}

@article{elliott2008understanding,
	title={Understanding medication compliance and persistence from an economics perspective},
	author={Elliott, Rachel A and Shinogle, Judith A and Peele, Pamela and Bhosle, Monali and Hughes, Dyfrig A},
	journal={Value in health},
	volume={11},
	number={4},
	pages={600--610},
	year={2008},
	publisher={Elsevier}
}

@article{lee2020assessment,
	title={Assessment of parking fees at National Cancer Institute--designated cancer treatment centers},
	author={Lee, Anna and Shah, Kanan and Chino, Fumiko},
	journal={JAMA oncology},
	volume={6},
	number={8},
	pages={1295--1297},
	year={2020},
	publisher={American Medical Association}
}

