@article{zhao2012estimating,
	title={Estimating individualized treatment rules using outcome weighted learning},
	author={Zhao, Yingqi and Zeng, Donglin and Rush, A John and Kosorok, Michael R},
	journal={Journal of the American Statistical Association},
	volume={107},
	number={499},
	pages={1106--1118},
	year={2012},
	publisher={Taylor \& Francis}
}


@article{chen2016personalized,
	title={Personalized dose finding using outcome weighted learning},
	author={Chen, Guanhua and Zeng, Donglin and Kosorok, Michael R},
	journal={Journal of the American Statistical Association},
	volume={111},
	number={516},
	pages={1509--1521},
	year={2016},
	publisher={Taylor \& Francis}
}


@article{laber2015tree,
	title={Tree-based methods for individualized treatment regimes},
	author={Laber, Eric B and Zhao, Ying-Qi},
	journal={Biometrika},
	volume={102},
	number={3},
	pages={501--514},
	year={2015},
	publisher={Oxford University Press}
}

@article{lee2019optimizing,
	title={Optimizing natural killer cell doses for heterogeneous cancer patients on the basis of multiple event times},
	author={Lee, Juhee and Thall, Peter F and Rezvani, Katy},
	journal={Journal of the Royal Statistical Society: Series C (Applied Statistics)},
	volume={68},
	number={2},
	pages={461--474},
	year={2019},
	publisher={Wiley Online Library}
}

@article{li2020utility,
	title={A utility approach to individualized optimal dose selection using biomarkers},
	author={Li, Pin and Taylor, Jeremy MG and Kong, Spring and Jolly, Shruti and Schipper, Matthew J},
	journal={Biometrical Journal},
	volume={62},
	number={2},
	pages={386--397},
	year={2020},
	publisher={Wiley Online Library}
}

@article{park2021single,
	title={A single-index model with a surface-link for optimizing individualized dose rules},
	author={Park, Hyung and Petkova, Eva and Tarpey, Thaddeus and Ogden, R Todd},
	journal={Journal of Computational and Graphical Statistics},
	pages={1--10},
	year={2021},
	publisher={Taylor \& Francis}
}

@article{rich2014simulating,
	title={Simulating sequential multiple assignment randomized trials to generate optimal personalized warfarin dosing strategies},
	author={Rich, Benjamin and Moodie, Erica EM and Stephens, David A},
	journal={Clinical Trials},
	volume={11},
	number={4},
	pages={435--444},
	year={2014},
	publisher={SAGE Publications Sage UK: London, England}
}

@article{rich2016optimal,
	title={Optimal individualized dosing strategies: A pharmacologic approach to developing dynamic treatment regimens for continuous-valued treatments},
	author={Rich, Benjamin and Moodie, Erica EM and Stephens, David A},
	journal={Biometrical Journal},
	volume={58},
	number={3},
	pages={502--517},
	year={2016},
	publisher={Wiley Online Library}
}

@article{schulz2021doubly,
	title={Doubly robust estimation of optimal dosing strategies},
	author={Schulz, Juliana and Moodie, Erica EM},
	journal={Journal of the American Statistical Association},
	volume={116},
	number={533},
	pages={256--268},
	year={2021},
	publisher={Taylor \& Francis}
}

